@online{1,
	author = {Facebook Inc.},
	editor = {Facebook Open Source},
	title = {Getting Started},
	date = {07/06/2021},
	url = {https://reactjs.org/docs/getting-started.html},
	organization = {Facebook Inc.}
}

@online{2,
	author = {L.O. Bonino da Silva Santos, Rajaram Kaliyaperumal},
	title = {WHO COVID-19 Rapid Version CRF Semantic Data Model},
	date = {07/06/2021},
	url = {https://vodan-ontology.github.io/},
	organization = {ORCID}
}

@online{3,
	author = {Krasimir Hristozov},
	editor = {otka developer},
	title = {Build a Basic CRUD App with Laravel and React},
	date = {06/12/2018},
	url = {https://developer.okta.com/blog/2018/12/06/crud-app-laravel-react},
}